<?xml version="1.0" encoding="UTF-8"?>
<record xmlns="http://www.loc.gov/MARC21/slim">
   <leader>02349cam a2200397 a 4500</leader>
   <controlfield tag="001">457800</controlfield>
   <controlfield tag="003">NjP</controlfield>
   <controlfield tag="005">20190705140735.0</controlfield>
   <controlfield tag="008">880727s1984    ir            000 0 ara d</controlfield>
   <datafield tag="024" ind1="7" ind2=" ">
      <subfield code="a">princeton_aco004900</subfield>
      <subfield code="2">local</subfield>
   </datafield>
   <datafield ind1=" " ind2=" " tag="035">
      <subfield code="a">457800</subfield>
   </datafield>
   <datafield ind1=" " ind2=" " tag="040">
      <subfield code="a">NjP</subfield>
      <subfield code="c">PUL</subfield>
      <subfield code="d">PUL</subfield>
   </datafield>
   <datafield ind1=" " ind2=" " tag="035">
      <subfield code="a">(CStRLIN)NJPG88-B37661</subfield>
   </datafield>
   <datafield ind1=" " ind2=" " tag="035">
      <subfield code="9">ACD3450TS</subfield>
   </datafield>
   <datafield ind1=" " ind2=" " tag="035">
      <subfield code="a">(NjP)457800</subfield>
   </datafield>
   <datafield ind1=" " ind2=" " tag="049">
      <subfield code="a">PULL</subfield>
   </datafield>
   <datafield ind1=" " ind2=" " tag="035">
      <subfield code="a">(OCoLC)ocm21102622</subfield>
   </datafield>
   <datafield ind1="1" ind2=" " tag="100">
      <subfield code="6">880-01</subfield>
      <subfield code="a">Fāḍil al-Hindī, Muḥammad ibn Ḥasan,</subfield>
      <subfield code="d">1651 or 1652-1724 or 1725.</subfield>
      <subfield code="0">http://id.loc.gov/authorities/names/nr90003144</subfield>
   </datafield>
   <datafield ind1="1" ind2="0" tag="245">
      <subfield code="6">880-02</subfield>
      <subfield code="a">Kashf al-lithām /</subfield>
      <subfield code="c">li-Bahāʼ al-Dīn Muḥammad ibn al-Ḥasan ibn Muḥammad al-Iṣfahānī al-maʻrūf bi-al-Fāḍil al-Hindī.</subfield>
   </datafield>
   <datafield ind1=" " ind2=" " tag="260">
      <subfield code="6">880-03</subfield>
      <subfield code="a">Qum, Īrān :</subfield>
      <subfield code="b">Maktabat Āyat Allāh al-ʻUẓmá al-Marʻashi al-Najafī,</subfield>
      <subfield code="c">1405 [1984 or 1985]</subfield>
   </datafield>
   <datafield ind1=" " ind2=" " tag="300">
      <subfield code="a">2 v. ;</subfield>
      <subfield code="c">35 cm.</subfield>
   </datafield>
   <datafield ind1=" " ind2=" " tag="500">
      <subfield code="a">Title page partially vocalized.</subfield>
   </datafield>
   <datafield ind1=" " ind2=" " tag="500">
      <subfield code="a">Glosses in the margins.</subfield>
   </datafield>
   <datafield ind1=" " ind2=" " tag="500">
      <subfield code="6">880-04</subfield>
      <subfield code="a">Commentary on Qawāʻid al-aḥkām fī maʻrifat al-ḥalāl wa-al-ḥarām by al-Muṭahhar al-Ḥilli.</subfield>
   </datafield>
   <datafield ind1="1" ind2="0" tag="600">
      <subfield code="6">880-05</subfield>
      <subfield code="a">Ibn al-Muṭahhar al-Ḥilli, al-Ḥasan ibn Yūsuf,</subfield>
      <subfield code="d">1250-1325.</subfield>
      <subfield code="t">Qawāʻid al-aḥkām fī maʻrifat al-ḥalāl wa-al-ḥarām.</subfield>
      <subfield code="f">1984.</subfield>
   </datafield>
   <datafield ind1=" " ind2="0" tag="650">
      <subfield code="a">Islamic law</subfield>
      <subfield code="x">Interpretation and construction</subfield>
      <subfield code="x">Early works to 1800.</subfield>
      <subfield code="0">http://id.loc.gov/authorities/subjects/sh2008104962</subfield>
   </datafield>
   <datafield ind1=" " ind2="0" tag="650">
      <subfield code="a">Shiites.</subfield>
      <subfield code="0">http://id.loc.gov/authorities/subjects/sh85121432</subfield>
   </datafield>
   <datafield ind1="1" ind2=" " tag="880">
      <subfield code="6">100-01/r</subfield>
      <subfield code="a">فاضل الهندي، محمد بن حسن،</subfield>
      <subfield code="d">1651 or 1652-1724 or 1725.</subfield>
   </datafield>
   <datafield ind1="1" ind2="0" tag="880">
      <subfield code="6">245-02/r</subfield>
      <subfield code="a">كشف اللثهام /</subfield>
      <subfield code="c">لبهاء الدين محمد بن الحسن بن محمد الاصفهاني المعروف بالفاضل الهندي.</subfield>
   </datafield>
   <datafield ind1=" " ind2=" " tag="880">
      <subfield code="6">260-03/r</subfield>
      <subfield code="a">قم، ايران :</subfield>
      <subfield code="b">مكتبة آية الله العظمى المرعش النجفي،</subfield>
      <subfield code="c">1405 [1984 or 1985]</subfield>
   </datafield>
   <datafield ind1=" " ind2=" " tag="880">
      <subfield code="6">500-04/r</subfield>
      <subfield code="a">Commentary on قواعد الاحكام في معرفة الحلال والحرام بي المطهر الحل.</subfield>
   </datafield>
   <datafield ind1="1" ind2="0" tag="880">
      <subfield code="6">600-05/r</subfield>
      <subfield code="a">ابن المطهر الحل، الحسن بن يوسف،</subfield>
      <subfield code="d">12501325.</subfield>
      <subfield code="t">قواعد الاحكام في معرفة الحلال والحرام.</subfield>
      <subfield code="f">1984.</subfield>
   </datafield>
   <datafield ind1=" " ind2=" " tag="998">
      <subfield code="a">02/20/90</subfield>
      <subfield code="s">9118</subfield>
      <subfield code="n">NjP</subfield>
      <subfield code="w">NJPG88B37661</subfield>
      <subfield code="d">07/27/88</subfield>
      <subfield code="c">JEB</subfield>
      <subfield code="b">JEB</subfield>
      <subfield code="i">900220</subfield>
      <subfield code="l">NJPG</subfield>
   </datafield>
   <datafield ind1=" " ind2=" " tag="911">
      <subfield code="a">19921028</subfield>
   </datafield>
   <datafield ind1=" " ind2=" " tag="912">
      <subfield code="a">19910104000000.0</subfield>
   </datafield>
   <datafield ind1=" " ind2=" " tag="994">
      <subfield code="a">C0</subfield>
      <subfield code="b">PUL</subfield>
   </datafield>
   <datafield ind1=" " ind2=" " tag="999">
      <subfield code="a">457800</subfield>
   </datafield>
   <datafield ind1=" " ind2=" " tag="979">
      <subfield code="a">(OCoLC)ocn175397087</subfield>
   </datafield>
   <datafield ind1="0" ind2="0" tag="852">
      <subfield code="0">498086</subfield>
      <subfield code="b">nec</subfield>
      <subfield code="t">1</subfield>
      <subfield code="c">Oversize</subfield>
      <subfield code="h">KBP461</subfield>
      <subfield code="i">.F335 1984q</subfield>
   </datafield>
   <datafield ind1=" " ind2="0" tag="866">
      <subfield code="0">498086</subfield>
      <subfield code="a">mujallad 1</subfield>
   </datafield>
   <datafield ind1=" " ind2=" " tag="959">
      <subfield code="a">2000-06-13 00:00:00 -0400</subfield>
   </datafield>
</record>
